<record><leader>00000cas a2200000 i 4500</leader><controlfield tag="001">892514044</controlfield><controlfield tag="006">m     o  d        </controlfield><controlfield tag="007">cr |||||||||||</controlfield><controlfield tag="008">141008d18551916iaudn neo     0   a0eng  </controlfield><datafield ind1=" " ind2=" " tag="010"><subfield code="a">  2014218623</subfield></datafield><datafield ind1=" " ind2=" " tag="040"><subfield code="a">DLC</subfield><subfield code="b">eng</subfield><subfield code="e">rda</subfield><subfield code="c">DLC</subfield><subfield code="d">DLC</subfield></datafield><datafield ind1="0" ind2=" " tag="022"><subfield code="a">2375-3064</subfield><subfield code="2">1</subfield></datafield><datafield ind1=" " ind2=" " tag="042"><subfield code="a">pcc</subfield><subfield code="a">nsdp</subfield></datafield><datafield ind1=" " ind2=" " tag="043"><subfield code="a">n-us-ia</subfield></datafield><datafield ind1="1" ind2="0" tag="050"><subfield code="a">ISSN RECORD</subfield></datafield><datafield ind1="0" ind2="0" tag="082"><subfield code="a">071</subfield><subfield code="2">23</subfield></datafield><datafield ind1="0" ind2=" " tag="130"><subfield code="a">Daily Gate City (Keokuk, Iowa : Online)</subfield></datafield><datafield ind1=" " ind2="4" tag="222"><subfield code="a">The daily Gate City</subfield><subfield code="b">(Keokuk, Iowa. Online)</subfield></datafield><datafield ind1="1" ind2="4" tag="245"><subfield code="a">The daily Gate City.</subfield></datafield><datafield ind1="1" ind2="3" tag="246"><subfield code="a">Gate City</subfield></datafield><datafield ind1="1" ind2=" " tag="246"><subfield code="i">Some Sunday issues published as:</subfield><subfield code="a">Sunday Gate City</subfield></datafield><datafield ind1=" " ind2="1" tag="264"><subfield code="a">Keokuk, Iowa :</subfield><subfield code="b">The Gate City Company</subfield></datafield><datafield ind1=" " ind2=" " tag="300"><subfield code="a">1 online resource</subfield></datafield><datafield ind1=" " ind2=" " tag="310"><subfield code="a">Daily (except Monday),</subfield><subfield code="b">Nov. 5, 1865-&lt;June 1901&gt;</subfield></datafield><datafield ind1=" " ind2=" " tag="321"><subfield code="a">Daily (except Sunday),</subfield><subfield code="b">Aug. 31, 1855-Oct. 29, 1865</subfield></datafield><datafield ind1=" " ind2=" " tag="336"><subfield code="a">text</subfield><subfield code="b">txt</subfield><subfield code="2">rdacontent</subfield></datafield><datafield ind1=" " ind2=" " tag="337"><subfield code="a">computer</subfield><subfield code="b">c</subfield><subfield code="2">rdamedia</subfield></datafield><datafield ind1=" " ind2=" " tag="338"><subfield code="a">online resource</subfield><subfield code="b">cr</subfield><subfield code="2">rdacarrier</subfield></datafield><datafield ind1="1" ind2=" " tag="362"><subfield code="a">Began August 31, 1855; ceased in April 1916.</subfield></datafield><datafield ind1=" " ind2=" " tag="500"><subfield code="a">Republican.</subfield></datafield><datafield ind1=" " ind2=" " tag="530"><subfield code="a">Also issued on microfilm from the State Historical Society of Wisconsin.</subfield></datafield><datafield ind1=" " ind2=" " tag="580"><subfield code="a">Weekly eds.: Des Moines Valley Whig (Keokuk, Iowa), 1855-1861, and: Weekly Gate City (Keokuk, Iowa), 1861-&lt;1901&gt;.</subfield></datafield><datafield ind1=" " ind2=" " tag="588"><subfield code="a">Description based on: Vol. 118, no. 68 (March 20, 1914); title from masthead (Chroniclingamerica.loc.gov, viewed October 8, 2014).</subfield></datafield><datafield ind1=" " ind2=" " tag="588"><subfield code="a">Latest issue consulted: Vol. 122, no. 79 (April 2, 1916) (Chroniclingamerica.loc.gov, viewed October 8, 2014).</subfield></datafield><datafield ind1=" " ind2="0" tag="651"><subfield code="a">Keokuk (Iowa)</subfield><subfield code="v">Newspapers.</subfield></datafield><datafield ind1=" " ind2="7" tag="651"><subfield code="a">Iowa</subfield><subfield code="z">Keokuk.</subfield><subfield code="2">fast</subfield><subfield code="0">(OCoLC)fst01206704</subfield></datafield><datafield ind1=" " ind2="7" tag="655"><subfield code="a">Newspapers.</subfield><subfield code="2">fast</subfield><subfield code="0">(OCoLC)fst01423814</subfield></datafield><datafield ind1=" " ind2=" " tag="752"><subfield code="a">United States</subfield><subfield code="b">Iowa</subfield><subfield code="c">Lee</subfield><subfield code="d">Keokuk.</subfield></datafield><datafield ind1="1" ind2=" " tag="775"><subfield code="t">Des Moines Valley Whig (Keokuk, Iowa : Online)</subfield></datafield><datafield ind1="1" ind2=" " tag="775"><subfield code="t">Weekly Gate City (Keokuk, Iowa : Online)</subfield></datafield><datafield ind1="0" ind2="8" tag="776"><subfield code="i">Originally issued in print:</subfield><subfield code="t">Daily Gate City (Keokuk, Iowa)</subfield><subfield code="x">2375-3056</subfield><subfield code="w">(DLC)sn 83025182</subfield><subfield code="w">(OCoLC)9299506</subfield></datafield><datafield ind1="0" ind2="0" tag="780"><subfield code="t">Gate City (Keokuk, Iowa : Online)</subfield></datafield><datafield ind1="0" ind2="7" tag="785"><subfield code="t">Constitution-Democrat (Online)</subfield></datafield><datafield ind1="0" ind2="7" tag="785"><subfield code="t">Daily Gate City and constitution-Democrat (Online)</subfield><subfield code="x">2375-3048</subfield><subfield code="w">(DLC)  2014218622</subfield><subfield code="w">(OCoLC)892513014</subfield></datafield><datafield ind1="4" ind2="0" tag="856"><subfield code="u">http://www.loc.gov/chroniclingamerica/lccn/sn83025182/issues</subfield></datafield></record>